<?xml version="1.0" encoding="UTF-8"?><collection xmlns="http://www.loc.gov/MARC21/slim"><record><leader>00491nam--2200169-i-4500</leader><controlfield tag="001">000022671</controlfield><controlfield tag="002">20161230</controlfield><controlfield tag="005">20161230201034</controlfield><controlfield tag="008">060222s1000------------r-----000-0-eng-d</controlfield><datafield ind1=" " ind2=" " tag="040"><subfield code="a">IFIN-HH</subfield></datafield><datafield ind1=" " ind2=" " tag="080"><subfield code="a">53:061.4</subfield></datafield><datafield ind1="1" ind2=" " tag="110"><subfield code="a">The Institute Of Physics, Great Britain</subfield></datafield><datafield ind1="1" ind2="0" tag="245"><subfield code="a">1968 physics exhibition, alexandra palace, london, 11th-14th march, 1968</subfield></datafield><datafield ind1=" " ind2=" " tag="260"><subfield code="a">Brentford</subfield><subfield code="b">F.J. Milner &amp; Sons Ltd</subfield><subfield code="c">1968</subfield></datafield><datafield ind1=" " ind2=" " tag="300"><subfield code="a">XIX+288P</subfield></datafield><datafield ind1=" " ind2=" " tag="852"><subfield code="a">27229</subfield><subfield code="c">53.08</subfield></datafield><datafield ind1=" " ind2=" " tag="CAT"><subfield code="a">Sys</subfield><subfield code="c">20151028</subfield><subfield code="h">161053</subfield></datafield></record></collection>